% bmc_article.bib
% 
%  An example of bibtex entries.
%  Entries taken from BMC instructions for authors page.


@Comment @article{blank,
@Comment 	author  = {}, 
@Comment 	title   = {},
@Comment 	journal = {}, 
@Comment 	year  = {},
@Comment 	  month = {}, 
@Comment 	  volume= {}, 
@Comment 	  number= {}, 
@Comment 	  pages = {},
@Comment 	  note  = {} 
@Comment }	

@Comment % Article within a journal
@Comment @ARTICLE{koon,
@Comment 	author  = {Koonin, E V and Altschul, S F and P Bork}, 
@Comment 	title   = {BRCA1 protein products: functional motifs}, 
@Comment 	journal = {Nat Genet}, 
@Comment 	year    = {1996},
@Comment 	volume  = {13}, 
@Comment 	pages   = {266-267}
@Comment }	

@Comment % Article within a journal supplement
@Comment @ARTICLE{oreg,
@Comment 	author  = {Orengo, C A and Bray, J E and Hubbard, 
@Comment 		   T and LoConte, L and Sillitoe, I}, 
@Comment 	title   = {Analysis and assessment of ab initio 
@Comment 		   three-dimensional prediction, secondary 
@Comment 		   structure, and contacts prediction},
@Comment 	journal = {Proteins}, 
@Comment 	year    = {1999},
@Comment 	volume  = {Suppl 3}, 
@Comment 	pages   = {149-170}
@Comment }	

@Comment % In press article
@Comment @inpress{khar,
@Comment 	author  = {Kharitonov, S A and Barnes, P J}, 
@Comment 	title   = {Clinical aspects of exhaled nitric oxide},
@Comment 	journal = {Eur Respir J}, 
@Comment 	note    = {in press} 
@Comment }	

@Comment %
@Comment % Published abstract
@Comment %
@Comment @ARTICLE{zvai,
@Comment 	author  = {Zvaifler, N J and Burger, J A and Marinova-Mutafchieva, 
@Comment 		   L and Taylor, P and Maini, R N},
@Comment 	title   = {Mesenchymal cells, stromal derived factor-1 and 
@Comment 		   rheumatoid arthritis [abstract]},
@Comment 	journal = {Arthritis Rheum}, 
@Comment 	year    = {1999},
@Comment 	volume  = {42}, 
@Comment 	pages   = {s250},
@Comment }	


@Comment %
@Comment % Article within conference proceedings
@Comment %
@Comment @Inproceedings{xjon,
@Comment 	author    = {X Jones}, 
@Comment 	title     = {Zeolites and synthetic mechanisms},
@Comment 	booktitle = {Proceedings of the First National Conference on 
@Comment 		     Porous Sieves: 27-30 June 1996; Baltimore},
@Comment 	year      = {1996},
@Comment 	  editor  = {Y Smith}, 
@Comment 	  pages   = {16-27},
@Comment 	  organization  = {Stoneham: Butterworth-Heinemann}
@Comment }	

@Comment %%%%%%%%
@Comment %  Book chapter, or article within a book
@Comment %
@Comment @incollection{schn,
@Comment 	author    = {E Schnepf}, 
@Comment 	title     = {From prey via endosymbiont to plastids: 
@Comment 		     comparative studies in dinoflagellates},
@Comment 	booktitle = {Origins of Plastids}, 
@Comment 	editor    = {R A Lewin}, 
@Comment 	publisher = {Chapman and Hall},
@Comment 	pages     = {53-76}, 
@Comment 	year      = {1993},
@Comment 	  address = {New York}, 
@Comment 	  volume  = {2}, 
@Comment 	  edition = {2nd} 
@Comment }	

@Comment %%%%%%%%
@Comment % Whole issue of journal
@Comment %
@Comment @wholejournal{pond,
@Comment 	editor  = {B Ponder and S Johnston and L Chodosh}, 
@Comment 	title   = {Innovative oncology},
@Comment 	journal = {Breast Cancer Res}, 
@Comment 	year  = {1998},
@Comment 	  volume= {10}, 
@Comment 	  pages = {1-72}
@Comment }	


@Comment %%%%%%%%
@Comment % Whole conference proceedings
@Comment %
@Comment @proceedings{smith,
@Comment 	editor  = {Y Smith}, 
@Comment 	title   = {Proceedings of the First National Conference
@Comment 		   on Porous Sieves: 27-30 June 1996; Baltimore},
@Comment 	year = 1996,
@Comment 	  address= {Stoneham}, 
@Comment 	  publisher = {Butterworth-Heinemann},
@Comment }	


@Comment %%%%%%%%
@Comment % Complete book
@Comment %
@Comment @book{marg,
@Comment 	author    = {L Margulis}, 
@Comment 	title     = {Origin of Eukaryotic Cells},
@Comment 	publisher = {Yale University Press}, 
@Comment 	year      = {1970},
@Comment 	address   = {New Haven} 
@Comment }



@Comment %%%%%%%%
@Comment % Monograph or book in series 
@Comment %
@Comment @incollection{hunn,
@Comment 	author    = {G W Hunninghake and J E Gadek}, 
@Comment 	title     = {The alveloar macrophage},
@Comment 	booktitle = {Cultured Human Cells and Tissues},
@Comment 	publisher = {Academic Press}, 
@Comment 	year      = {1995},
@Comment   pages      = {54-56},
@Comment 	  editor   = {T J R Harris}, 
@Comment 	  address  = {New York}, 
@Comment 	  note     = {Stoner G (Series Editor): Methods and Perspectives in Cell Biology, vol 1} 
@Comment }


@Comment %%%%%%%%
@Comment % Book with institutional author
@Comment @manual{advi,
@Comment 	  title   = {Annual Report}, 
@Comment 	    organization  = {Advisory Committee on Genetic Modification}, 
@Comment 	    address = {London},
@Comment 	    year    = {1999}
@Comment }


@Comment %%%%%%%%
@Comment % PHD Thesis
@Comment %
@Comment @phdthesis{koha,
@Comment 	author = {R Kohavi}, 
@Comment 	title  = {Wrappers for performance enhancement and
@Comment 		  obvious decision graphs},
@Comment 	school = {Stanford University, Computer Science Department},
@Comment 	year   = {1995}
@Comment }

@Comment %%%%%%%%
@Comment % Webpage Link / URL
@Comment %
@Comment @webpage{mouse,
@Comment 	title  = {The Mouse Tumor Biology Database},
@Comment 	url = {http://tumor.informatics.jax.org/cancer_links.html}
@Comment }


@webpage{novoalign,
	title  = {Novocraft, Inc.},
	url = {http://www.novocraft.com}
}


@webpage{condor,
	title  = {HTCondor},
        url= {http://research.cs.wisc.edu/htcondor/}
}

@webpage{DNAA,
	title  = {DNAA},
 url = {http://sourceforge.net/apps/mediawiki/dnaa/}

}

@webpage{primer3,
         title= {Primer3},
         url={http://frodo.wi.mit.edu/}
}

@webpage{BLAT,
         title= {BLAT},
         url={http://genome.ucsc.edu/cgi-bin/hgBlat}
}

@article{Dean:2008p277,
author = {Dean, J and Ghemawat, S},
title = {{MapReduce: Simplified data processing on large clusters}},
journal = {Commun. ACM},
year = {2008},
volume = {51},
number = {1},
pages = {107--113}
}

@article{Alkan:2009cr,
author = {Alkan, Can and Kidd, Jeffrey M and Marques-Bonet, Tomas and Aksay, Gozde and Antonacci, Francesca and Hormozdiari, Fereydoun and Kitzman, Jacob O and Baker, Carl and Malig, Maika and Mutlu, Onur and Sahinalp, S Cenk and Gibbs, Richard A and Eichler, Evan E},
title = {{Personalized copy number and segmental duplication maps using next-generation sequencing.}},
journal = {Nat. Genet.},
year = {2009},
volume = {41},
number = {10},
pages = {1061--1067},
month = oct
}

@article{Langmead:2009p1225,
author = {Langmead, Ben and Schatz, Michael C and Lin, Jimmy and Pop, Mihai and Salzberg, Steven L},
title = {{Searching for SNPs with cloud computing}},
journal = {Genome Biol.},
year = {2009},
volume = {10},
number = {11},
pages = {R134}
}


@article{McKenna:2010p1051,
author = {McKenna, A and Hanna, M and Banks, E and Sivachenko, A and Cibulskis, K and Kernytsky, A and Garimella, K and Altshuler, D and Gabriel, S and Daly, M and DePristo, M A},
title = {{The Genome Analysis Toolkit: A MapReduce framework for analyzing next-generation DNA sequencing data}},
journal = {Genome Res.},
year = {2010},
volume = {20},
number = {9},
pages = {1297--1303},
month = sep
}

@article{Schatz:2009p278,
author = {Schatz, Michael C},
title = {{CloudBurst: highly sensitive read mapping with MapReduce}},
journal = {Bioinformatics},
year = {2009},
volume = {25},
number = {11},
pages = {1363--1369},
month = jun
}

@article{Langmead:2010p1268,
author = {Langmead, Ben and Hansen, Kasper D and Leek, Jeffrey T},
title = {{Cloud-scale RNA-sequencing differential expression analysis with Myrna}},
journal = {Genome Biol.},
year = {2010},
volume = {11},
number = {8},
pages = {R83}
}

@article{Feng:2011p1228,
author = {Feng, Xin and Grossman, Robert and Stein, Lincoln},
title = {{PeakRanger: A cloud-enabled peak caller for ChIP-seq data}},
journal = {BMC Bioinformatics},
year = {2011},
volume = {12},
number = {1},
pages = {139}
}

@article{Lee:2012bk,
author = {Lee, Hayan and Schatz, Michael C},
title = {{Genomic dark matter: the reliability of short read mapping illustrated by the genome mappability score.}},
journal = {Bioinformatics},
year = {2012},
volume = {28},
number = {16},
pages = {2097--2105},
month = aug
}

@article{Mills:2011fi,
author = {Mills, Ryan E and Pittard, W Stephen and Mullaney, Julienne M and Farooq, Umar and Creasy, Todd H and Mahurkar, Anup A and Kemeza, David M and Strassler, Daniel S and Ponting, Chris P and Webber, Caleb and Devine, Scott E},
title = {{Natural genetic variation caused by small insertions and deletions in the human genome.}},
journal = {Genome Res.},
year = {2011},
volume = {21},
number = {6},
pages = {830--839},
month = jun
}

@article{Mills:2011p1611,
author = {Mills, Ryan E and Walter, Klaudia and Stewart, Chip and Handsaker, Robert E and Chen, Ken and Alkan, Can and Abyzov, Alexej and Yoon, Seungtai Chris and Ye, Kai and Cheetham, R Keira and Chinwalla, Asif and Conrad, Donald F and Fu, Yutao and Grubert, Fabian and Hajirasouliha, Iman and Hormozdiari, Fereydoun and Iakoucheva, Lilia M and Iqbal, Zamin and Kang, Shuli and Kidd, Jeffrey M and Konkel, Miriam K and Korn, Joshua and Khurana, Ekta and Kural, Deniz and Lam, Hugo Y K and Leng, Jing and Li, Ruiqiang and Li, Yingrui and Lin, Chang-Yun and Luo, Ruibang and Mu, Xinmeng Jasmine and Nemesh, James and Peckham, Heather E and Rausch, Tobias and Scally, Aylwyn and Shi, Xinghua and Stromberg, Michael P and St{\"u}tz, Adrian M and Urban, Alexander Eckehart and Walker, Jerilyn A and Wu, Jiantao and Zhang, Yujun and Zhang, Zhengdong D and Batzer, Mark A and Ding, Li and Marth, Gabor T and McVean, Gil and Sebat, Jonathan and Snyder, Michael and Wang, Jun and Ye, Kenny and Eichler, Evan E and Gerstein, Mark B and Hurles, Matthew E and Lee, Charles and McCarroll, Steven A and Korbel, Jan O},
title = {{Mapping copy number variation by population-scale genome sequencing}},
journal = {Nature},
year = {2011},
volume = {470},
number = {7332},
pages = {59--65},
month = feb
}

@article{Sindi:2012kk,
author = {Sindi, Suzanne S and Onal, Selim and Peng, Luke and Wu, Hsin-Ta and Raphael, Benjamin J},
title = {{An integrative probabilistic model for identification of structural variation in sequencing data.}},
journal = {Genome Biol.},
year = {2012},
volume = {13},
number = {3},
pages = {R22},
month = mar
}

@article{Levy:2007fb,
author = {Levy, Samuel and Sutton, Granger and Ng, Pauline C and Feuk, Lars and Halpern, Aaron L and Walenz, Brian P and Axelrod, Nelson and Huang, Jiaqi and Kirkness, Ewen F and Denisov, Gennady and Lin, Yuan and MacDonald, Jeffrey R and Pang, Andy Wing Chun and Shago, Mary and Stockwell, Timothy B and Tsiamouri, Alexia and Bafna, Vineet and Bansal, Vikas and Kravitz, Saul A and Busam, Dana A and Beeson, Karen Y and McIntosh, Tina C and Remington, Karin A and Abril, Josep F and Gill, John and Borman, Jon and Rogers, Yu-Hui and Frazier, Marvin E and Scherer, Stephen W and Strausberg, Robert L and Venter, J Craig},
title = {{The diploid genome sequence of an individual human.}},
journal = {PLoS Biol.},
year = {2007},
volume = {5},
number = {10},
pages = {e254},
month = sep
}

@article{Quinlan:2010gf,
author = {Quinlan, Aaron R and Clark, Royden A and Sokolova, Svetlana and Leibowitz, Mitchell L and Zhang, Yujun and Hurles, Matthew E and Mell, Joshua C and Hall, Ira M},
title = {{Genome-wide mapping and assembly of structural variant breakpoints in the mouse genome}},
journal = {Genome Res.},
year = {2010},
volume = {20},
number = {5},
pages = {623--635},
month = may
}

@article{Rausch:2012he,
author = {Rausch, Tobias and Zichner, Thomas and Schlattl, Andreas and St{\"u}tz, Adrian M and Benes, Vladimir and Korbel, Jan O},
title = {{DELLY: structural variant discovery by integrated paired-end and split-read analysis.}},
journal = {Bioinformatics},
year = {2012},
volume = {28},
number = {18},
pages = {i333--i339},
month = sep
}

@article{Lee:2009da,
author = {Lee, Seunghak and Hormozdiari, Fereydoun and Alkan, Can and Brudno, Michael},
title = {{MoDIL: detecting small indels from clone-end sequencing with mixtures of distributions.}},
journal = {Nat. Methods},
year = {2009},
volume = {6},
number = {7},
pages = {473--474},
month = jul
}

@article{Conrad:2010ja,
author = {Conrad, Donald F and Pinto, Dalila and Redon, Richard and Feuk, Lars and Gokcumen, Omer and Zhang, Yujun and Aerts, Jan and Andrews, T Daniel and Barnes, Chris and Campbell, Peter and Fitzgerald, Tomas and Hu, Min and Ihm, Chun Hwa and Kristiansson, Kati and MacArthur, Daniel G and MacDonald, Jeffrey R and Onyiah, Ifejinelo and Pang, Andy Wing Chun and Robson, Sam and Stirrups, Kathy and Valsesia, Armand and Walter, Klaudia and Wei, John and {Wellcome Trust Case Control Consortium} and Tyler-Smith, Chris and Carter, Nigel P and Lee, Charles and Scherer, Stephen W and Hurles, Matthew E},
title = {{Origins and functional impact of copy number variation in the human genome.}},
journal = {Nature},
year = {2010},
volume = {464},
number = {7289},
pages = {704--712},
month = apr
}

@article{Chen:2009p3,
author = {Chen, Ken and Wallis, John W and McLellan, Michael D and Larson, David E and Kalicki, Joelle M and Pohl, Craig S and McGrath, Sean D and Wendl, Michael C and Zhang, Qunyuan and Locke, Devin P and Shi, Xiaoqi and Fulton, Robert S and Ley, Timothy J and Wilson, Richard K and Ding, Li and Mardis, Elaine R},
title = {{BreakDancer: an algorithm for high-resolution mapping of genomic structural variation}},
journal = {Nat. Methods},
year = {2009},
volume = {6},
number = {9},
pages = {677--681},
month = aug
}

@article{Hormozdiari:2009p284,
author = {Hormozdiari, Fereydoun and Alkan, Can and Eichler, Evan E and Sahinalp, S Cenk},
title = {{Combinatorial algorithms for structural variation detection in high-throughput sequenced genomes}},
journal = {Genome Res.},
year = {2009},
volume = {19},
number = {7},
pages = {1270--1278},
month = jul
}

@article{Sindi:2009gu,
author = {Sindi, Suzanne and Helman, Elena and Bashir, Ali and Raphael, Benjamin J},
title = {{A geometric approach for classification and comparison of structural variants.}},
journal = {Bioinformatics},
year = {2009},
volume = {25},
number = {12},
pages = {i222--30},
month = jun
}

@article{Korbel:2009dy,
author = {Korbel, Jan O and Abyzov, Alexej and Mu, Xinmeng Jasmine and Carriero, Nicholas and Cayting, Philip and Zhang, Zhengdong and Snyder, Michael and Gerstein, Mark B},
title = {{PEMer: a computational framework with simulation-based error models for inferring genomic structural variants from massive paired-end sequencing data}},
journal = {Genome Biol.},
year = {2009},
volume = {10},
number = {2},
pages = {R23}
}

@article{Campbell:2008p539,
author = {Campbell, Peter J and Stephens, Philip J and Pleasance, Erin D and O'meara, Sarah and Li, Heng and Santarius, Thomas and Stebbings, Lucy A and Leroy, Catherine and Edkins, Sarah and Hardy, Claire and Teague, Jon W and Menzies, Andrew and Goodhead, Ian and Turner, Daniel J and Clee, Christopher M and Quail, Michael A and Cox, Antony and Brown, Clive and Durbin, Richard and Hurles, Matthew E and Edwards, Paul A W and Bignell, Graham R and Stratton, Michael R and Futreal, P Andrew},
title = {{Identification of somatically acquired rearrangements in cancer using genome-wide massively parallel paired-end sequencing}},
journal = {Nat. Genet.},
year = {2008},
volume = {40},
number = {6},
pages = {722--729},
month = jun
}

%% Created using Papers on Fri, 21 Dec 2012.
%% http://mekentosj.com/papers/

@article{Abyzov:2011bk,
author = {Abyzov, Alexej and Urban, Alexander E and Snyder, Michael and Gerstein, Mark},
title = {{CNVnator: an approach to discover, genotype, and characterize typical and atypical CNVs from family and population genome sequencing.}},
journal = {Genome Res.},
year = {2011},
volume = {21},
number = {6},
pages = {974--984},
month = jun
}

@article{Yoon:2009kb,
author = {Yoon, Seungtai and Xuan, Zhenyu and Makarov, Vladimir and Ye, Kenny and Sebat, Jonathan},
title = {{Sensitive and accurate detection of copy number variants using read depth of coverage.}},
journal = {Genome Res.},
year = {2009},
volume = {19},
number = {9},
pages = {1586--1592},
month = sep
}

@article{Chiang:2009di,
author = {Chiang, Derek Y and Getz, Gad and Jaffe, David B and O'Kelly, Michael J T and Zhao, Xiaojun and Carter, Scott L and Russ, Carsten and Nusbaum, Chad and Meyerson, Matthew and Lander, Eric S},
title = {{High-resolution mapping of copy-number alterations with massively parallel sequencing.}},
journal = {Nat. Methods},
year = {2009},
volume = {6},
number = {1},
pages = {99--103},
month = jan
}


@article{Wang:2011p1607,
author = {Wang, Jianmin and Mullighan, Charles G and Easton, John and Roberts, Stefan and Heatley, Sue L and Ma, Jing and Rusch, Michael C and Chen, Ken and Harris, Christopher C and Ding, Li and Holmfeldt, Linda and Payne-Turner, Debbie and Fan, Xian and Wei, Lei and Zhao, David and Obenauer, John C and Naeve, Clayton and Mardis, Elaine R and Wilson, Richard K and Downing, James R and Zhang, Jinghui},
title = {{CREST maps somatic structural variation in cancer genomes with base-pair resolution.}},
journal = {Nat. Methods},
year = {2011},
volume = {8},
number = {8},
pages = {652--654},
month = aug
}

@article{Ye:2009p2,
author = {Ye, Kai and Schulz, Marcel H and Long, Quan and Apweiler, Rolf and Ning, Zemin},
title = {{Pindel: a pattern growth approach to detect break points of large deletions and medium sized insertions from paired-end short reads}},
journal = {Bioinformatics},
year = {2009},
volume = {25},
number = {21},
pages = {2865--2871},
month = nov
}

@article{Alkan:2011p547,
author = {Alkan, Can and Coe, Bradley P and Eichler, Evan E},
title = {{Genome structural variation discovery and genotyping.}},
journal = {Nat. Rev. Genet.},
year = {2011},
volume = {12},
number = {5},
pages = {363--376},
month = may,
annote = {Structural variation was originally defined as insertions, deletions and inversions greater than 1 kb in size7. With the sequencing of human genomes now becoming routine8, the operational spec- trum of structural variants (SVs) and copy number variants (CNVs) has wi
dened to include much smaller events (for example, those {\&}gt;50 bp in length)}
}

%% Created using Papers on Fri, 21 Dec 2012.
%% http://mekentosj.com/papers/

@article{Michaelson:2012fj,
author = {Michaelson, Jacob J and Sebat, Jonathan},
title = {{forestSV: structural variant discovery through statistical learning.}},
journal = {Nat. Methods},
year = {2012},
volume = {9},
number = {8},
pages = {819--821},
month = aug
}

@article{Chiara:2012ey,
author = {Chiara, Matteo and Pesole, Graziano and Horner, David S},
title = {{SVM$^2$: an improved paired-end-based tool for the detection of small genomic structural variations using high-throughput single-genome resequencing data.}},
journal = {Nucleic Acids Res.},
year = {2012},
volume = {40},
number = {18},
pages = {e145},
month = oct
}

@article{Marschall:2012ek,
author = {Marschall, Tobias and Costa, Ivan G and Canzar, Stefan and Bauer, Markus and Klau, Gunnar W and Schliep, Alexander and Sch{\"o}nhuth, Alexander},
title = {{CLEVER: clique-enumerating variant finder.}},
journal = {Bioinformatics},
year = {2012},
volume = {28},
number = {22},
pages = {2875--2882},
month = nov
}

@article{Weese:2012by,
author = {Weese, David and Holtgrewe, Manuel and Reinert, Knut},
title = {{RazerS 3: Faster, fully sensitive read mapping.}},
journal = {Bioinformatics},
year = {2012},
volume = {28},
number = {20},
pages = {2592--2599},
month = oct
}

@article{Langmead:2012jh,
author = {Langmead, Ben and Salzberg, Steven L},
title = {{Fast gapped-read alignment with Bowtie 2.}},
journal = {Nat. Methods},
year = {2012},
volume = {9},
number = {4},
pages = {357--359},
month = apr
}


@article{Kidd:2008p926,
author = {Kidd, Jeffrey M and Cooper, Gregory M and Donahue, William F and Hayden, Hillary S and Sampas, Nick and Graves, Tina and Hansen, Nancy and Teague, Brian and Alkan, Can and Antonacci, Francesca and Haugen, Eric and Zerr, Troy and Yamada, N Alice and Tsang, Peter and Newman, Tera L and T{\"u}z{\"u}n, Eray and Cheng, Ze and Ebling, Heather M and Tusneem, Nadeem and David, Robert and Gillett, Will and Phelps, Karen A and Weaver, Molly and Saranga, David and Brand, Adrianne and Tao, Wei and Gustafson, Erik and Mckernan, Kevin and Chen, Lin and Malig, Maika and Smith, Joshua D and Korn, Joshua M and McCarroll, Steven A and Altshuler, David A and Peiffer, Daniel A and Dorschner, Michael and Stamatoyannopoulos, John and Schwartz, David and Nickerson, Deborah A and Mullikin, James C and Wilson, Richard K and Bruhn, Laurakay and Olson, Maynard V and Kaul, Rajinder and Smith, Douglas R and Eichler, Evan E},
title = {{Mapping and sequencing of structural variation from eight human genomes.}},
journal = {Nature},
year = {2008},
volume = {453},
number = {7191},
pages = {56--64},
month = may
}

@article{GenomesProjectConsortium:2012co,
author = {{1000 Genomes Project Consortium} and Abecasis, Gon{\c c}alo R and Auton, Adam and Brooks, Lisa D and DePristo, Mark A and Durbin, Richard M and Handsaker, Robert E and Kang, Hyun Min and Marth, Gabor T and McVean, Gil A},
title = {{An integrated map of genetic variation from 1,092 human genomes.}},
journal = {Nature},
year = {2012},
volume = {491},
number = {7422},
pages = {56--65},
month = nov
}

@article{Li:2009p836,
author = {Li, Heng and Durbin, Richard},
title = {{Fast and accurate short read alignment with Burrows-Wheeler transform}},
journal = {Bioinformatics},
year = {2009},
volume = {25},
number = {14},
pages = {1754--1760},
month = jul
}

@article{Handsaker:2011ki,
author = {Handsaker, Robert E and Korn, Joshua M and Nemesh, James and McCarroll, Steven A},
title = {{Discovery and genotyping of genome structural polymorphism by sequencing on a population scale.}},
journal = {Nat. Genet.},
year = {2011},
volume = {43},
number = {3},
pages = {269--276},
month = mar
}

@article{Barnett:2011hm,
author = {Barnett, Derek W and Garrison, Erik K and Quinlan, Aaron R and Stromberg, Michael P and Marth, Gabor T},
title = {{BamTools: a C++ API and toolkit for analyzing and managing BAM files.}},
journal = {Bioinformatics},
year = {2011},
volume = {27},
number = {12},
pages = {1691--1692},
month = jun
}

@article{MarcoSola:2012hm,
author = {Marco Sola, Santiago and Sammeth, Michael and Guig{\'o}, Roderic and Ribeca, Paolo},
title = {{The GEM mapper: fast, accurate and versatile alignment by filtration.}},
journal = {Nat. Methods},
year = {2012},
volume = {9},
number = {12},
pages = {1185--1188},
month = dec
}

@article{Zheng:2012kk,
author = {Zheng, Y-S and Zhang, H and Zhang, X-J and Feng, D-D and Luo, X-Q and Zeng, C-W and Lin, K-Y and Zhou, H and Qu, L-H and Zhang, P and Chen, Y-Q},
title = {{MiR-100 regulates cell differentiation and survival by targeting RBSP3, a phosphatase-like tumor suppressor in acute myeloid leukemia.}},
journal = {Oncogene},
year = {2012},
volume = {31},
number = {1},
pages = {80--92},
month = jan
}

@article{Lee:2011bz,
author = {Lee, Sangho and Kwon, Hayeong and Jeong, Kyuho and Pak, Yunbae},
title = {{Regulation of cancer cell proliferation by caveolin-2 down-regulation and re-expression.}},
journal = {Int. J. Oncol.},
year = {2011},
volume = {38},
number = {5},
pages = {1395--1402},
month = may
}


@article{Chen:2004jo,
author = {Chen, Juxiang and Lu, Yicheng and Xu, Jian and Huang, Yan and Cheng, Haipeng and Hu, Guohan and Luo, Chun and Lou, Meiqing and Cao, Gentao and Xie, Yi and Ying, Kang},
title = {{Identification and characterization of NBEAL1, a novel human neurobeachin-like 1 protein gene from fetal brain, which is up regulated in glioma.}},
journal = {Mol Brain Res},
year = {2004},
volume = {125},
number = {1-2},
pages = {147--155},
month = jun
}

@article{Mu:2011br,
author = {Mu, Xinmeng Jasmine and Lu, Zhi John and Kong, Yong and Lam, Hugo Y K and Gerstein, Mark B},
title = {{Analysis of genomic variation in non-coding elements using population-scale sequencing data from the 1000 Genomes Project.}},
journal = {Nucleic Acids Research},
year = {2011},
volume = {39},
number = {16},
pages = {7058--7076},
month = sep
}

