@article{Dean:2008p277,
author = {Dean, J and Ghemawat, S},
title = {{MapReduce: Simplified data processing on large clusters}},
journal = {Communications of the ACM},
year = {2008},
volume = {51},
number = {1},
pages = {107--113}
}

@article{Krawitz:2010iq,
author = {Krawitz, Peter and R{\"o}delsperger, Christian and J{\"a}ger, Marten and Jostins, Luke and Bauer, Sebastian and Robinson, Peter N},
title = {{Microindel detection in short-read sequence data.}},
journal = {Bioinformatics (Oxford, England)},
year = {2010},
volume = {26},
number = {6},
pages = {722--729},
month = mar
}

@article{Ruffalo:2011p1758,
author = {Ruffalo, Matthew and Laframboise, Thomas and Koyut{\"u}rk, Mehmet},
title = {{Comparative analysis of algorithms for next-generation sequencing read alignment}},
journal = {Bioinformatics (Oxford, England)},
year = {2011},
month = aug
}

@article{Alkan:2009cr,
author = {Alkan, Can and Kidd, Jeffrey M and Marques-Bonet, Tomas and Aksay, Gozde and Antonacci, Francesca and Hormozdiari, Fereydoun and Kitzman, Jacob O and Baker, Carl and Malig, Maika and Mutlu, Onur and Sahinalp, S Cenk and Gibbs, Richard A and Eichler, Evan E},
title = {{Personalized copy number and segmental duplication maps using next-generation sequencing.}},
journal = {Nature Genetics},
year = {2009},
volume = {41},
number = {10},
pages = {1061--1067},
month = oct
}

@article{Langmead:2009p1225,
author = {Langmead, Ben and Schatz, Michael C and Lin, Jimmy and Pop, Mihai and Salzberg, Steven L},
title = {{Searching for SNPs with cloud computing}},
journal = {Genome Biology},
year = {2009},
volume = {10},
number = {11},
pages = {R134}
}


@article{McKenna:2010p1051,
author = {McKenna, A and Hanna, M and Banks, E and Sivachenko, A and Cibulskis, K and Kernytsky, A and Garimella, K and Altshuler, D and Gabriel, S and Daly, M and DePristo, M A},
title = {{The Genome Analysis Toolkit: A MapReduce framework for analyzing next-generation DNA sequencing data}},
journal = {Genome research},
year = {2010},
volume = {20},
number = {9},
pages = {1297--1303},
month = sep
}

@article{Schatz:2009p278,
author = {Schatz, Michael C},
title = {{CloudBurst: highly sensitive read mapping with MapReduce}},
journal = {Bioinformatics (Oxford, England)},
year = {2009},
volume = {25},
number = {11},
pages = {1363--1369},
month = jun
}

@article{Langmead:2010p1268,
author = {Langmead, Ben and Hansen, Kasper D and Leek, Jeffrey T},
title = {{Cloud-scale RNA-sequencing differential expression analysis with Myrna}},
journal = {Genome Biology},
year = {2010},
volume = {11},
number = {8},
pages = {R83}
}

@article{Oconnor:2010p1835,
author = {O'connor, Brian D and Merriman, Barry and Nelson, Stanley F},
title = {{SeqWare Query Engine: storing and searching sequence data in the cloud}},
journal = {BMC Bioinformatics},
year = {2010},
volume = {11},
number = {Suppl 12},
pages = {S2}
}

@article{Feng:2011p1228,
author = {Feng, Xin and Grossman, Robert and Stein, Lincoln},
title = {{PeakRanger: A cloud-enabled peak caller for ChIP-seq data}},
journal = {BMC Bioinformatics},
year = {2011},
volume = {12},
number = {1},
pages = {139}
}

@article{Lee:2012bk,
author = {Lee, Hayan and Schatz, Michael C},
title = {{Genomic dark matter: the reliability of short read mapping illustrated by the genome mappability score.}},
journal = {Bioinformatics (Oxford, England)},
year = {2012},
volume = {28},
number = {16},
pages = {2097--2105},
month = aug
}

@manual{novoalign,
      organization  = {Novocraft, Inc.},
      title  = {Novoalign}, 
      note    = "\url{http://www.novocraft.com}",
      year   = {2008}
    }

@manual{DNAA,
      organization  = {Homer, Nils},
      title  = {DNAA}, 
      note    = "\url{http://dnaa.sourceforge.net}",
      year   = {2008}
    }

@article{Mills:2011p1611,
author = {Mills, Ryan E and Walter, Klaudia and Stewart, Chip and Handsaker, Robert E and Chen, Ken and Alkan, Can and Abyzov, Alexej and Yoon, Seungtai Chris and Ye, Kai and Cheetham, R Keira and Chinwalla, Asif and Conrad, Donald F and Fu, Yutao and Grubert, Fabian and Hajirasouliha, Iman and Hormozdiari, Fereydoun and Iakoucheva, Lilia M and Iqbal, Zamin and Kang, Shuli and Kidd, Jeffrey M and Konkel, Miriam K and Korn, Joshua and Khurana, Ekta and Kural, Deniz and Lam, Hugo Y K and Leng, Jing and Li, Ruiqiang and Li, Yingrui and Lin, Chang-Yun and Luo, Ruibang and Mu, Xinmeng Jasmine and Nemesh, James and Peckham, Heather E and Rausch, Tobias and Scally, Aylwyn and Shi, Xinghua and Stromberg, Michael P and St{\"u}tz, Adrian M and Urban, Alexander Eckehart and Walker, Jerilyn A and Wu, Jiantao and Zhang, Yujun and Zhang, Zhengdong D and Batzer, Mark A and Ding, Li and Marth, Gabor T and McVean, Gil and Sebat, Jonathan and Snyder, Michael and Wang, Jun and Ye, Kenny and Eichler, Evan E and Gerstein, Mark B and Hurles, Matthew E and Lee, Charles and McCarroll, Steven A and Korbel, Jan O},
title = {{Mapping copy number variation by population-scale genome sequencing}},
journal = {NATURE},
year = {2011},
volume = {470},
number = {7332},
pages = {59--65},
month = feb
}

@article{Pickrell:2011du,
author = {Pickrell, Joseph K and Gaffney, Daniel J and Gilad, Yoav and Pritchard, Jonathan K},
title = {{False positive peaks in ChIP-seq and other sequencing-based functional assays caused by unannotated high copy number regions.}},
journal = {Bioinformatics (Oxford, England)},
year = {2011},
volume = {27},
number = {15},
pages = {2144--2146},
month = aug
}

@article{Sindi:2012kk,
author = {Sindi, Suzanne S and Onal, Selim and Peng, Luke and Wu, Hsin-Ta and Raphael, Benjamin J},
title = {{An integrative probabilistic model for identification of structural variation in sequencing data.}},
journal = {Genome Biology},
year = {2012},
volume = {13},
number = {3},
pages = {R22},
month = mar
}

@article{Levy:2007fb,
author = {Levy, Samuel and Sutton, Granger and Ng, Pauline C and Feuk, Lars and Halpern, Aaron L and Walenz, Brian P and Axelrod, Nelson and Huang, Jiaqi and Kirkness, Ewen F and Denisov, Gennady and Lin, Yuan and MacDonald, Jeffrey R and Pang, Andy Wing Chun and Shago, Mary and Stockwell, Timothy B and Tsiamouri, Alexia and Bafna, Vineet and Bansal, Vikas and Kravitz, Saul A and Busam, Dana A and Beeson, Karen Y and McIntosh, Tina C and Remington, Karin A and Abril, Josep F and Gill, John and Borman, Jon and Rogers, Yu-Hui and Frazier, Marvin E and Scherer, Stephen W and Strausberg, Robert L and Venter, J Craig},
title = {{The diploid genome sequence of an individual human.}},
journal = {PLoS biology},
year = {2007},
volume = {5},
number = {10},
pages = {e254},
month = sep
}

@article{Chen:2009p3,
author = {Chen, Ken and Wallis, John W and McLellan, Michael D and Larson, David E and Kalicki, Joelle M and Pohl, Craig S and McGrath, Sean D and Wendl, Michael C and Zhang, Qunyuan and Locke, Devin P and Shi, Xiaoqi and Fulton, Robert S and Ley, Timothy J and Wilson, Richard K and Ding, Li and Mardis, Elaine R},
title = {{BreakDancer: an algorithm for high-resolution mapping of genomic structural variation}},
journal = {Nature methods},
year = {2009},
volume = {6},
number = {9},
pages = {677--681},
month = aug
}

@article{Quinlan:2010gf,
author = {Quinlan, Aaron R and Clark, Royden A and Sokolova, Svetlana and Leibowitz, Mitchell L and Zhang, Yujun and Hurles, Matthew E and Mell, Joshua C and Hall, Ira M},
title = {{Genome-wide mapping and assembly of structural variant breakpoints in the mouse genome (supplementary methods)}},
journal = {Genome research},
year = {2010},
volume = {20},
number = {5},
pages = {623--635},
month = may
}

@article{Sindi:2009gu,
author = {Sindi, Suzanne and Helman, Elena and Bashir, Ali and Raphael, Benjamin J},
title = {{A geometric approach for classification and comparison of structural variants.}},
journal = {Bioinformatics (Oxford, England)},
year = {2009},
volume = {25},
number = {12},
pages = {i222--30},
month = jun
}

@article{Rausch:2012he,
author = {Rausch, Tobias and Zichner, Thomas and Schlattl, Andreas and St{\"u}tz, Adrian M and Benes, Vladimir and Korbel, Jan O},
title = {{DELLY: structural variant discovery by integrated paired-end and split-read analysis.}},
journal = {Bioinformatics (Oxford, England)},
year = {2012},
volume = {28},
number = {18},
pages = {i333--i339},
month = sep
}

@article{Michaelson:2012fj,
author = {Michaelson, Jacob J and Sebat, Jonathan},
title = {{forestSV: structural variant discovery through statistical learning.}},
journal = {Nature methods},
year = {2012},
month = jul
}

