%% Created using Papers on Thu, 04 Oct 2012.
%% http://mekentosj.com/papers/

@article{Zhang:2011p1823,
author = {Zhang, Lu and Gu, Shengchang and Wang, Bingqiang and Liu, Yuan and Azuaje, Francisco},
title = {{Gene set analysis in the cloud}},
journal = {Bioinformatics (Oxford, England)},
year = {2011},
month = nov
}

@article{Pratt:2012p1824,
author = {Pratt, Brian and Howbert, J Jeffry and Tasman, Natalie I and Nilsson, Erik J},
title = {{MR-Tandem: parallel X!Tandem using Hadoop MapReduce on Amazon Web Services}},
journal = {Bioinformatics (Oxford, England)},
year = {2012},
volume = {28},
number = {1},
pages = {136--137}
}

@article{Kalyanaraman:2011p1825,
author = {Kalyanaraman, Ananth and Cannon, William R and Latt, Benjamin and Baxter, Douglas J},
title = {{MapReduce implementation of a hybrid spectral library-database search method for large-scale peptide identification}},
journal = {Bioinformatics (Oxford, England)},
year = {2011},
volume = {27},
number = {21},
pages = {3072--3073},
month = nov
}

@article{Colosimo:2011p1826,
author = {Colosimo, Marc E and Peterson, Matthew W and Mardis, Scott and Hirschman, Lynette},
title = {{Nephele: genotyping via complete composition vectors and MapReduce}},
journal = {Source Code for Biology and Medicine},
year = {2011},
volume = {6},
pages = {13}
}

@article{Feng:2011p1228,
author = {Feng, Xin and Grossman, Robert and Stein, Lincoln},
title = {{PeakRanger: A cloud-enabled peak caller for ChIP-seq data}},
journal = {BMC Bioinformatics},
year = {2011},
volume = {12},
number = {1},
pages = {139},
month = may
}

@article{Langmead:2010p1268,
author = {Langmead, Ben and Hansen, Kasper D and Leek, Jeffrey T},
title = {{Cloud-scale RNA-sequencing differential expression analysis with Myrna}},
journal = {Genome Biology},
year = {2010},
volume = {11},
number = {8},
pages = {R83}
}

@article{Kolker:2011p1831,
author = {Kolker, Natali and Higdon, Roger and Broomall, William and Stanberry, Larissa and Welch, Dean and Lu, Wei and Haynes, Winston and Barga, Roger and Kolker, Eugene},
title = {{Classifying proteins into functional groups based on all-versus-all BLAST of 10 million proteins}},
journal = {Omics : a journal of integrative biology},
year = {2011},
volume = {15},
number = {7-8},
pages = {513--521}
}

@article{Nguyen:2011p1832,
author = {Nguyen, Tung and Shi, Weisong and Ruden, Douglas},
title = {{CloudAligner: A fast and full-featured MapReduce based tool for sequence mapping}},
journal = {BMC Research Notes},
year = {2011},
volume = {4},
pages = {171}
}

@article{Langmead:2009p1225,
author = {Langmead, Ben and Schatz, Michael C and Lin, Jimmy and Pop, Mihai and Salzberg, Steven L},
title = {{Searching for SNPs with cloud computing}},
journal = {Genome Biology},
year = {2009},
volume = {10},
number = {11},
pages = {R134}
}

@article{Jourdren:2012dc,
author = {Jourdren, Laurent and Bernard, Maria and Dillies, Marie-Agn{\`e}s and Le Crom, St{\'e}phane},
title = {{Eoulsan: A Cloud Computing-Based Framework Facilitating High Throughput Sequencing Analyses.}},
journal = {Bioinformatics (Oxford, England)},
year = {2012},
month = apr
}

@article{Oconnor:2010p1835,
author = {O'connor, Brian D and Merriman, Barry and Nelson, Stanley F},
title = {{SeqWare Query Engine: storing and searching sequence data in the cloud}},
journal = {BMC Bioinformatics},
year = {2010},
volume = {11},
number = {Suppl 12},
pages = {S2}
}

@article{Qiu:2010p1834,
author = {Qiu, Judy and Ekanayake, Jaliya and Gunarathne, Thilina and Choi, Jong Youl and Bae, Seung-Hee and Li, Hui and Zhang, Bingjing and Wu, Tak-Lon and Ruan, Yang and Ekanayake, Saliya and Hughes, Adam and Fox, Geoffrey},
title = {{Hybrid cloud and cluster computing paradigms for life science applications}},
journal = {BMC Bioinformatics},
year = {2010},
volume = {11 Suppl 12},
pages = {S3}
}

@article{Schatz:wi,
author = {Schatz, M.C.},
title = {{BlastReduce: high performance short read mapping with MapReduce}},
journal = {University of Maryland, http://cgis. cs. umd. edu/Grad/scholarlypapers/papers/MichaelSchatz. pd f}
}

@article{Taylor:2010p1224,
author = {Taylor, Ronald C},
title = {{An overview of the Hadoop/MapReduce/HBase framework and its current applications in bioinformatics}},
journal = {BMC Bioinformatics},
year = {2010},
volume = {11 Suppl 12},
pages = {S1}
}

@article{Kudtarkar:2010p1833,
author = {Kudtarkar, Parul and Deluca, Todd F and Fusaro, Vincent A and Tonellato, Peter J and Wall, Dennis P},
title = {{Cost-effective cloud computing: a case study using the comparative genomics tool, roundup}},
journal = {Evolutionary Bioinformatics Online},
year = {2010},
volume = {6},
pages = {197--203}
}

@article{Lam:2012jy,
author = {Lam, Hugo Y K and Pan, Cuiping and Clark, Michael J and Lacroute, Phil and Chen, Rui and Haraksingh, Rajini and O'Huallachain, Maeve and Gerstein, Mark B and Kidd, Jeffrey M and Bustamante, Carlos D and Snyder, Michael},
title = {{Detecting and annotating genetic variations using the HugeSeq pipeline}},
journal = {Nature Biotechnology},
year = {2012},
volume = {30},
number = {3},
pages = {226--229},
month = mar
}

@article{Pireddu:2011fj,
author = {Pireddu, L and Leo, S and Zanetti, G},
title = {{SEAL: a distributed short read mapping and duplicate removal tool}},
journal = {Bioinformatics (Oxford, England)},
year = {2011},
volume = {27},
number = {15},
pages = {2159--2160},
month = jul
}

@article{Niemenmaa:2012hu,
author = {Niemenmaa, Matti and Kallio, Aleksi and Schumacher, Andr{\'e} and Klemel{\"a}, Petri and Korpelainen, Eija and Heljanko, Keijo},
title = {{Hadoop-BAM: directly manipulating next generation sequencing data in the cloud.}},
journal = {Bioinformatics (Oxford, England)},
year = {2012},
volume = {28},
number = {6},
pages = {876--877},
month = mar
}

@article{Lee:2012bk,
author = {Lee, Hayan and Schatz, Michael C},
title = {{Genomic dark matter: the reliability of short read mapping illustrated by the genome mappability score.}},
journal = {Bioinformatics (Oxford, England)},
year = {2012},
volume = {28},
number = {16},
pages = {2097--2105},
month = aug
}

@article{Dean:2008p277,
author = {Dean, J and Ghemawat, S},
title = {{MapReduce: Simplified data processing on large clusters}},
journal = {Communications of the ACM},
year = {2008},
volume = {51},
number = {1},
pages = {107--113}
}

